<collection xmlns="http://www.loc.gov/MARC21/slim"><record>
    <leader>01044cam  2200289 a 4500</leader>
    <controlfield tag="001">4609450</controlfield>
    <controlfield tag="005">20090603143232.0</controlfield>
    <controlfield tag="008">090507s2009    acaac        f000 0deng d</controlfield>
    <datafield tag="019" ind1="1" ind2=" ">
      <subfield code="a">44173560</subfield>

    </datafield>
    <datafield tag="040" ind1=" " ind2=" ">
      <subfield code="a">APG</subfield>
      <subfield code="b">eng</subfield>
      <subfield code="c">APG</subfield>
      <subfield code="d">NSL</subfield>
      <subfield code="d">ANL</subfield>

    </datafield>
    <datafield tag="042" ind1=" " ind2=" ">
      <subfield code="a">anuc</subfield>
    </datafield>
    <datafield tag="082" ind1="0" ind2="4">
      <subfield code="a">757.0994</subfield>
      <subfield code="2">22</subfield>

    </datafield>
    <datafield tag="082" ind1="0" ind2="4">
      <subfield code="a">704.9420994</subfield>
      <subfield code="2">22</subfield>
    </datafield>
    <datafield tag="245" ind1="0" ind2="0">
      <subfield code="a">Nick Cave /</subfield>

      <subfield code="c">text by Christopher Chapman.</subfield>
    </datafield>
    <datafield tag="246" ind1="0" ind2="3">
      <subfield code="a">Nick Cave portraits at the National Portrait Gallery Australia</subfield>
    </datafield>
    <datafield tag="260" ind1=" " ind2=" ">
      <subfield code="a">Canberra :</subfield>

      <subfield code="b">National Portrait Gallery,</subfield>
      <subfield code="c">[2009]</subfield>
    </datafield>
    <datafield tag="300" ind1=" " ind2=" ">
      <subfield code="a">7 p. :</subfield>
      <subfield code="b">col. ill., ports ;</subfield>
      <subfield code="c">21 cm.</subfield>

    </datafield>
    <datafield tag="490" ind1="1" ind2=" ">
      <subfield code="a">Portrait profile series</subfield>
    </datafield>
    <datafield tag="500" ind1=" " ind2=" ">
      <subfield code="a">Includes 2 postcards of "Nick Cave" by Howard Arkley.</subfield>
    </datafield>
    <datafield tag="600" ind1="1" ind2="0">

      <subfield code="a">Cave, Nick,</subfield>
      <subfield code="d">1957-</subfield>
      <subfield code="v">Portraits.</subfield>
    </datafield>
    <datafield tag="653" ind1=" " ind2=" ">
      <subfield code="a">Cave, Nick, 1957- -- Portraits.</subfield>
    </datafield>

    <datafield tag="653" ind1=" " ind2=" ">
      <subfield code="a">Arkley, Howard, 1951-1999.</subfield>
    </datafield>
    <datafield tag="700" ind1="1" ind2=" ">
      <subfield code="a">Arkley, Howard,</subfield>
      <subfield code="d">1951-1999.</subfield>
    </datafield>

    <datafield tag="700" ind1="1" ind2=" ">
      <subfield code="a">Arkley, Howard,</subfield>
      <subfield code="d">1951-1999</subfield>
      <subfield code="t">Nick Cave</subfield>
    </datafield>
    <datafield tag="700" ind1="1" ind2=" ">
      <subfield code="a">Chapman, Christopher,</subfield>

      <subfield code="d">1966-</subfield>
    </datafield>
    <datafield tag="710" ind1="2" ind2=" ">
      <subfield code="a">National Portrait Gallery (Australia)</subfield>
    </datafield>
    <datafield tag="830" ind1=" " ind2="0">
      <subfield code="a">Portrait profile (National Portrait Gallery (Australia))</subfield>

    </datafield>
  </record>
</collection>

